<record><leader>00000cas a22000007a 4500</leader><controlfield tag="001">1767741</controlfield><controlfield tag="008">751101c19159999mnuwr ne      0    0eng d</controlfield><datafield ind1=" " ind2=" " tag="010"><subfield code="a">sn 89064683 </subfield></datafield><datafield ind1=" " ind2=" " tag="040"><subfield code="a">MUL</subfield><subfield code="b">eng</subfield><subfield code="c">MUL</subfield><subfield code="d">MN#</subfield><subfield code="d">OCLCQ</subfield><subfield code="d">OCLCF</subfield><subfield code="d">OCLCO</subfield></datafield><datafield ind1="1" ind2=" " tag="029"><subfield code="a">AU@</subfield><subfield code="b">000025860740</subfield></datafield><datafield ind1=" " ind2=" " tag="042"><subfield code="a">msc</subfield></datafield><datafield ind1=" " ind2=" " tag="043"><subfield code="a">n-us-mn</subfield></datafield><datafield ind1=" " ind2=" " tag="052"><subfield code="a">4144</subfield><subfield code="b">R93</subfield></datafield><datafield ind1=" " ind2=" " tag="052"><subfield code="a">4143</subfield><subfield code="b">F5</subfield></datafield><datafield ind1="0" ind2=" " tag="130"><subfield code="a">Tri-county record (Rushford, Minn.)</subfield></datafield><datafield ind1="0" ind2="0" tag="245"><subfield code="a">Tri-county record.</subfield></datafield><datafield ind1="3" ind2="0" tag="246"><subfield code="a">Tri county record</subfield></datafield><datafield ind1=" " ind2=" " tag="260"><subfield code="a">Rushford, Minn. :</subfield><subfield code="b">C.L. Foss,</subfield><subfield code="c">1915-</subfield></datafield><datafield ind1=" " ind2=" " tag="300"><subfield code="a">v.</subfield></datafield><datafield ind1=" " ind2=" " tag="310"><subfield code="a">Weekly</subfield></datafield><datafield ind1="0" ind2=" " tag="362"><subfield code="a">Vol. 1, no. 1 (Nov. 4, 1915)-</subfield></datafield><datafield ind1=" " ind2=" " tag="530"><subfield code="a">Available on microfilm from the Minnesota Historical Society.</subfield></datafield><datafield ind1=" " ind2="0" tag="651"><subfield code="a">Rushford (Minn.)</subfield><subfield code="v">Newspapers.</subfield></datafield><datafield ind1=" " ind2="7" tag="655"><subfield code="a">Newspapers.</subfield><subfield code="2">fast</subfield><subfield code="0">(OCoLC)fst01423814</subfield></datafield><datafield ind1=" " ind2="7" tag="651"><subfield code="a">Minnesota</subfield><subfield code="z">Rushford.</subfield><subfield code="2">fast</subfield><subfield code="0">(OCoLC)fst01254505</subfield></datafield><datafield ind1=" " ind2=" " tag="752"><subfield code="a">United States</subfield><subfield code="b">Minnesota</subfield><subfield code="c">Fillmore</subfield><subfield code="d">Rushford.</subfield></datafield><datafield ind1="0" ind2="5" tag="780"><subfield code="t">Peterson herald</subfield><subfield code="w">(DLC)sn 89064673</subfield></datafield><datafield ind1="0" ind2="5" tag="780"><subfield code="t">Rushford star-republican</subfield><subfield code="w">(DLC)sn 89064684</subfield></datafield></record>